<?xml version="1.0" encoding="UTF-8"?><collection xmlns="http://www.loc.gov/MARC21/slim"><record><leader>00349nam--2200133-i-4500</leader><controlfield tag="001">000000154</controlfield><controlfield tag="002">20161230</controlfield><controlfield tag="005">20161230201023</controlfield><controlfield tag="008">060222s1000------------r-----000-0-eng-d</controlfield><datafield ind1=" " ind2=" " tag="080"><subfield code="a">681.32</subfield></datafield><datafield ind1=" " ind2=" " tag="100"><subfield code="a">Friedman, Arthur D</subfield></datafield><datafield ind1=" " ind2=" " tag="245"><subfield code="a">Logical design of digital systems</subfield></datafield><datafield ind1=" " ind2=" " tag="260"><subfield code="a">Woodland Hils, Computer Science Press, Inc. X + 278 P</subfield></datafield><datafield ind1=" " ind2=" " tag="852"><subfield code="a">42711</subfield></datafield></record></collection>